@article{rivest1978_rsa,
	author = {Rivest, R. L. and Shamir, A. and Adleman, L.},
	title = {A Method for Obtaining Digital Signatures and Public-key Cryptosystems },
	journal = {Communications of the ACM},
	volume = {21},
	number = {2},
	year = {1978},
	pages = {120--126}
}

@article{diffie1976new,
  title={New directions in cryptography},
  author={Diffie, Whitfield and Hellman, Martin},
  journal={IEEE transactions on Information Theory},
  volume={22},
  number={6},
  pages={644--654},
  year={1976},
  publisher={IEEE}
}

@article{diffie1977special,
  title={Special feature exhaustive cryptanalysis of the NBS data encryption standard},
  author={Diffie, Whitfield and Hellman, Martin E},
  journal={Computer},
  volume={10},
  number={6},
  pages={74--84},
  year={1977},
  publisher={IEEE}
}

@article{mceliece1978public,
  title={A public-key cryptosystem based on algebraic},
  author={McEliece, Robert J},
  journal={Coding Thv},
  volume={4244},
  pages={114--116},
  year={1978}
}

@article{levine1977some,
  title={Some cryptographic applications of permutation polynomials},
  author={Levine, Jack and Brawley, Joel V},
  journal={Cryptologia},
  volume={1},
  number={1},
  pages={76--92},
  year={1977},
  publisher={Taylor \& Francis}
}

@article{pohlig1978improved,
  title={An improved algorithm for computing logarithms over GF (p) and its cryptographic significance (Corresp.)},
  author={Pohlig, Stephen and Hellman, Martin},
  journal={IEEE Transactions on information Theory},
  volume={24},
  number={1},
  pages={106--110},
  year={1978},
  publisher={IEEE}
}

@article{merkle1978secure,
  title={Secure communications over insecure channels},
  author={Merkle, Ralph C},
  journal={Communications of the ACM},
  volume={21},
  number={4},
  pages={294--299},
  year={1978},
  publisher={ACM}
}

@article{merkle1978hiding,
  title={Hiding information and signatures in trapdoor knapsacks},
  author={Merkle, Ralph and Hellman, Martin},
  journal={IEEE transactions on Information Theory},
  volume={24},
  number={5},
  pages={525--530},
  year={1978},
  publisher={IEEE}
}

@article{shamir1979share,
  title={How to share a secret},
  author={Shamir, Adi},
  journal={Communications of the ACM},
  volume={22},
  number={11},
  pages={612--613},
  year={1979},
  publisher={ACm}
}